<record><leader>00000cas a22000007a 4500</leader><controlfield tag="001">17746035</controlfield><controlfield tag="008">880407d18471847ohuer ne      0   a0eng d</controlfield><datafield ind1=" " ind2=" " tag="010"><subfield code="a">sn 91069174 </subfield></datafield><datafield ind1=" " ind2=" " tag="040"><subfield code="a">OBE</subfield><subfield code="b">eng</subfield><subfield code="c">OBE</subfield><subfield code="d">ONP</subfield><subfield code="d">OCL</subfield><subfield code="d">OCLCQ</subfield><subfield code="d">OCLCF</subfield><subfield code="d">OCLCO</subfield><subfield code="d">OCLCA</subfield></datafield><datafield ind1=" " ind2=" " tag="042"><subfield code="a">msc</subfield></datafield><datafield ind1=" " ind2=" " tag="043"><subfield code="a">n-us-oh</subfield></datafield><datafield ind1=" " ind2=" " tag="092"><subfield code="a">178.05</subfield><subfield code="b">T245</subfield></datafield><datafield ind1="0" ind2="4" tag="245"><subfield code="a">The Medina pledge.</subfield></datafield><datafield ind1="1" ind2="3" tag="246"><subfield code="a">Temperance papers. 1846-1847</subfield></datafield><datafield ind1=" " ind2=" " tag="260"><subfield code="a">Medina, Ohio :</subfield><subfield code="b">A Committee,</subfield><subfield code="c">1847.</subfield></datafield><datafield ind1=" " ind2=" " tag="300"><subfield code="a">v.</subfield></datafield><datafield ind1=" " ind2=" " tag="310"><subfield code="a">Biweekly</subfield></datafield><datafield ind1="0" ind2=" " tag="362"><subfield code="a">Vol. 1, no. 9 (Feb. 27, 1847)-v. 1, no. 15 (May 22, 1847).</subfield></datafield><datafield ind1=" " ind2=" " tag="500"><subfield code="a">"Independent opposition to intemperance and vice ..."</subfield></datafield><datafield ind1=" " ind2=" " tag="500"><subfield code="a">Part of a collection with Binder's title: Temperance papers. 1846-1847.</subfield></datafield><datafield ind1=" " ind2="0" tag="650"><subfield code="a">Temperance</subfield><subfield code="z">Ohio</subfield><subfield code="v">Newspapers.</subfield></datafield><datafield ind1=" " ind2="7" tag="655"><subfield code="a">Newspapers.</subfield><subfield code="2">fast</subfield><subfield code="0">(OCoLC)fst01423814</subfield></datafield><datafield ind1=" " ind2="7" tag="650"><subfield code="a">Temperance.</subfield><subfield code="2">fast</subfield><subfield code="0">(OCoLC)fst01147309</subfield></datafield><datafield ind1=" " ind2="7" tag="651"><subfield code="a">Ohio.</subfield><subfield code="2">fast</subfield><subfield code="0">(OCoLC)fst01205075</subfield></datafield><datafield ind1="0" ind2="0" tag="780"><subfield code="t">Pledge (Medina, Ohio)</subfield><subfield code="w">(DLC)sn 91069175</subfield></datafield><datafield ind1="0" ind2="4" tag="785"><subfield code="t">Ohio temperance artisan and fraternal register</subfield><subfield code="w">(DLC)sn 91074673</subfield></datafield></record>